@inproceedings{hull2004treating,
  title={Treating “shimantic web” syndrome with ontologies},
    author={Hull, Duncan and Stevens, Robert and Lord, Phillip and Wroe, Chris and Goble, Carole},
      year={2004}
}


 @Misc{cwl,
  author =    {Amstutz, Peter and Crusoe, Michael R.  and Tijanić, Nebojša  and Chapman, Brad and Chilton, John  and Heuer, Michael  and Kartashov, Andrey  and Leehr, Dan  and Ménager, Hervé  and Nedeljkovich, Maya and Scales, Matt and Soiland-Reyes, Stian  and Stojanovic, Luka },
  title =     {Common Workflow Language, v2.0},
  month =     Jul,
  year =      2016,
  doi = {https://dx.doi.org/10.6084/m9.figshare.3115156.v2}
}

@inproceedings{plankensteiner2011iwir,
  title={IWIR: a language enabling portability across grid workflow systems},
  author={Plankensteiner, Kassian and Montagnat, Johan and Prodan, Radu},
  booktitle={Proceedings of the 6th workshop on Workflows in support of large-scale science},
  pages={97--106},
  year={2011},
  organization={ACM}
}



